<?xml version="1.0" encoding="UTF-8"?><collection xmlns="http://www.loc.gov/MARC21/slim"><record><leader>00358nam--2200133-i-4500</leader><controlfield tag="001">000030307</controlfield><controlfield tag="002">20161230</controlfield><controlfield tag="005">20161230201038</controlfield><controlfield tag="008">060222s1000------------r-----000-0-eng-d</controlfield><datafield ind1=" " ind2=" " tag="080"><subfield code="a">517.44</subfield></datafield><datafield ind1=" " ind2=" " tag="100"><subfield code="a">Lifermann, Jean</subfield></datafield><datafield ind1=" " ind2=" " tag="245"><subfield code="a">Les methodes rapides de transformation du signal:fourier, walsh, haar</subfield></datafield><datafield ind1=" " ind2=" " tag="260"><subfield code="a">Paris, Masson, 1979. Vii+197p</subfield></datafield><datafield ind1=" " ind2=" " tag="852"><subfield code="a">47010</subfield></datafield></record></collection>